@misc{zak2018, 
author = {Zaky, Ahmad}, 
title = {Minimax and Expectimax Algorithm to Solve 2048}, 
year = {2018}, 
note = {Unpublished, Available online}, 
url = {https://informatika.stei.itb.ac.id/~rinaldi.munir/Stmik/2013-2014-genap/Makalah2014/MakalahIF2211-2014-037.pdf},  
}

@article{pot_milivojević_Obradović,
    author = {Mikloš Pot, Milovan Milivojević, Srđan Obradović},
    title = {USING ARTIFICIAL INTELLIGENCE TO CREATE A SOFTWARE
AGENT FOR SOLVING THE 2048 GAME},
    journal = {},
    year = {}
}

@article{rodgers_levine2014,
    author =  {Philip Rodgers and John Levine},
    title = {An investigation into 2048 AI strategies},
    journal = {IEE},
    year = 2014
}

@article{kohler_migler_khosmood,
    author = {Iris Kohler and Theresa Migler and Foaad Khosmood},
    title = {Composition of Basic Heuristics for the Game 2048},
    journal = {},
    year = {2019}
}

@misc{stack_optimal_alg_20248,
    key = "",
    note = "https://stackoverflow.com/questions/22342854/what-is-the-optimal-algorithm-for-the-game-2048",
    year = {2014}
}